@inproceedings{treeratpituk2009disambiguating,
  title={Disambiguating authors in academic publications using random forests},
  author={Treeratpituk, Pucktada and Giles, C Lee},
  booktitle={Proceedings of the 9th ACM/IEEE-CS joint conference on Digital libraries},
  pages={39--48},
  year={2009},
  organization={ACM}
}

@inproceedings{gonzalez2014simple,
  title={Simple or complex? assessing the readability of basque texts},
  author={Gonzalez-Dios, Itziar and Aranzabe, Mar{\'\i}a Jes{\'u}s and de Ilarraza, Arantza D{\'\i}az and Salaberri, Haritz},
  booktitle={Proceedings of COLING 2014, the 25th international conference on computational linguistics: Technical papers},
  pages={334--344},
  year={2014}
}
@article{ramirez2010morphological,
  title={Morphological awareness in Spanish-speaking English language learners: Within and cross-language effects on word reading},
  author={Ramirez, Gloria and Chen, Xi and Geva, Esther and Kiefer, Heidi},
  journal={Reading and Writing},
  volume={23},
  number={3-4},
  pages={337--358},
  year={2010},
  publisher={Springer}
}

@article{valenti2003overview,
  title={An overview of current research on automated essay grading},
  author={Valenti, Salvatore and Neri, Francesca and Cucchiarelli, Alessandro},
  journal={Journal of Information Technology Education: Research},
  volume={2},
  pages={319--330},
  year={2003},
  publisher={Informing Science Institute}
}

@inproceedings{danescu2012you,
  title={You had me at hello: How phrasing affects memorability},
  author={Danescu-Niculescu-Mizil, Cristian and Cheng, Justin and Kleinberg, Jon and Lee, Lillian},
  booktitle={Proceedings of the 50th Annual Meeting of the Association for Computational Linguistics: Long Papers-Volume 1},
  pages={892--901},
  year={2012},
  organization={Association for Computational Linguistics}
}